%% This BibTeX bibliography file was created using BibDesk.
%% http://bibdesk.sourceforge.net/


%% Created for Artemij Voskobojnikov at 2015-07-28 12:32:13 +0200 


%% Saved with string encoding Unicode (UTF-8) 



@article{gohindex,
	Author = {{E.-J. Goh}},
	Date-Added = {2015-07-28 09:52:52 +0000},
	Date-Modified = {2015-07-28 09:56:51 +0000},
	Journal = {{IACR Cryptology ePrint Archive 2003}},
	Title = {{Secure Indexes}},
	Year = {2003}}

@article{sse,
	Author = {{R. Curtmola, J. Garay, S. Kamara, R. Ostrovsky}},
	Date-Added = {2015-07-28 09:51:10 +0000},
	Date-Modified = {2015-07-28 09:52:45 +0000},
	Journal = {{Proceedings of the 13th ACM conference on Computer and communications security, CCS '06, ACM}},
	Title = {{Searchable Symmetric Encryption: Improved Definitions and Efficient Constructions}},
	Year = {2006}}

@url{webpufs,
	Date-Added = {2015-07-28 09:41:39 +0000},
	Date-Modified = {2015-07-28 09:48:01 +0000},
	Lastchecked = {20.07.2015},
	Title = {{Physical Unclonable Functions}},
	Url = {http://studiopresence.com/client/verayo/technology}}

@article{suhdev,
	Author = {{G. E. Suh, S. Devadas}},
	Date-Added = {2015-07-28 09:38:09 +0000},
	Date-Modified = {2015-07-28 09:40:08 +0000},
	Journal = {Design Automation Conference, 2007. DAC '07. 44th ACM/IEEE},
	Title = {{Physical Unclonable Functions for Device Authentication and Secret Key Generation}},
	Year = {2007}}

@article{itseciot,
	Author = {C. Eckert},
	Date-Added = {2015-07-28 09:33:54 +0000},
	Date-Modified = {2015-07-28 10:01:07 +0000},
	Journal = {Fachzeitschrift f{\"u}r Innovation, Organisation und Management },
	Title = {{IT-Sicherheit und Industrie 4.0}},
	Year = {2014}}

@url{channel2015,
	Date-Added = {2015-07-28 09:32:04 +0000},
	Date-Modified = {2015-07-28 10:31:43 +0000},
	Lastchecked = {20.07.2015},
	Month = {June},
	Title = {{Security Services f{\"u}r Industrie 4.0}},
	Url = {http://www.channelpartner.de/a/security-services-fuer-industrie-4-0,3044992 },
	Year = {2015}}

@article{anoopms,
	Author = {Anoop MS},
	Date-Added = {2015-07-28 09:30:42 +0000},
	Date-Modified = {2015-07-28 09:36:31 +0000},
	Journal = {IACR Cryptology ePrint Archive},
	Title = {{Security needs in embedded systems} },
	Year = {2008}}

@misc{windriver,
	Author = {{Wind River Systems} },
	Date-Added = {2015-07-28 09:29:04 +0000},
	Date-Modified = {2015-07-28 09:36:22 +0000},
	Title = {{Security in the Internet of Things}},
	Year = {2015}}

@url{pufs2015,
	Author = {Devadas, S.},
	Date-Added = {2015-07-28 09:27:18 +0000},
	Date-Modified = {2015-07-28 09:29:01 +0000},
	Title = {Physical Unclonable Functions and Applications},
	Urldate = {17.07.2015}}

@article{eckert2015,
	Author = {{C. Eckert, N. Fallenbeck}},
	Date-Added = {2015-07-28 08:55:39 +0000},
	Date-Modified = {2015-07-28 09:24:16 +0000},
	Doi = {10.1007/s00287-015-0875-z},
	Publisher = {Springer-Verlag},
	Title = {{Industrie 4.0 meets IT-Sicherheit: eine Herausforderung!}},
	Year = {{Heidelberg Berlin 2015}},
	Bdsk-Url-1 = {http://dx.doi.org/10.1007/s00287-015-0875-z}}
